2612 3560
1161 312 1195 374 8

1160 465 1389 522 canibus
1412 462 1667 520 immiffis
1689 460 1909 517 barbari
1933 461 2176 537 agitant3
2202 459 2349 516 defa-

1160 572 1402 646 tigatum
1424 565 1949 642 conficiuntjaculis
1972 568 2026 622 &
2052 564 2351 624 missilibus,
2404 559 2428 637 ’-

1161 679 1214 733 Si
1257 677 1449 733 desunt
1492 675 1733 731 venatici
1792 693 1971 741 caneS,
2023 673 2120 750 ipfi
2177 674 2351 729 vicem

1161 781 1389 836 illorum
1435 780 1663 835 obeunt.
1753 779 1855 833 Per
1901 777 2112 833 medias
2154 777 2354 854 quippe

1163 886 1312 940 nives
1342 883 1662 939 incredibili
1694 883 1980 938 celeritate
2010 882 2354 958 gradiuntur,

1160 1009 1222 1044 ac
1253 1009 1322 1043 ne
1366 988 1613 1065 corporis
1642 987 1862 1064 pondus
1906 985 2122 1062 ⁴tes'tigia
2151 986 2354 1063 pedum

1160 1096 1319 1151 altius
1349 1096 1406 1150 in
1440 1096 1627 1150 nivem
1672 1094 1970 1171 deprimat,
2011 1092 2356 1149 substernunt

1161 1200 1381 1277 plantis,
1417 1199 1776 1275 inseruntque
1819 1198 2075 1274 pedibus,
2121 1197 2228 1253 lata
2273 1218 2355 1253 re-

1162 1305 1350 1371 ticula,
1409 1303 1515 1358 illis
1572 1302 1877 1370 fimillima,
1935 1302 2137 1379 quibus
2185 1303 2355 1379 pilam

1164 1415 1366 1470 lusores
1396 1413 1562 1490 vulgb
1607 1413 1837 1490 pulsant.
1928 1413 2067 1469 Haec
2111 1414 2357 1482 reticula,
2397 1468 2399 1471 ,

1164 1519 1399 1595 spatium
1452 1519 1589 1574 nivis
1644 1538 1706 1574 ac
1762 1519 1860 1573 soli
1917 1518 2039 1574 satis
2087 1537 2358 1594 magnum

1165 1625 1441 1701 amplexa,
1498 1638 1781 1680 currentes
1843 1622 2009 1679 facile
2078 1623 2357 1680 sustinent.

1167 1728 1332 1783 Alces
1375 1748 1503 1783 vero
1546 1748 1704 1783 crura
1748 1729 1916 1783 exilia
1967 1728 2212 1805 defigens
2255 1728 2360 1784 alte
2404 1744 2406 1747 ’

1167 1834 1223 1888 in
1252 1834 1457 1900 nivern,
1487 1833 1628 1910 aegr&
1652 1833 1702 1889 se
1726 1833 1971 1910 expedit.
2060 1833 2218 1889 Illius
2241 1853 2360 1889 car-

1169 1937 1329 1992 nibus
1373 1937 1680 2005 vescuntur,
1725 1951 1993 2013 teguntur
2049 1937 2212 2013 pelle,
2259 1958 2360 1993 un·
2413 1990 2415 1992 .

1165 2042 1295 2116 gula
1318 2042 1635 2117 posterioris
1663 2041 1862 2097 finistri
1894 2043 2049 2118 pedis
2092 2041 2360 2098 sanantur.

1166 2145 1321 2200 Huic
1365 2147 1582 2221 ungulae
1625 2147 1766 2202 mira
1817 2147 2071 2222 quaedam
2116 2150 2171 2203 &
2216 2147 2362 2203 mul·
2412 2201 2414 2204 ,

1166 2251 1340 2326 tiplex
1379 2251 1548 2306 virtus
1594 2252 1749 2319 inest,
1810 2252 2166 2307 medicorum
2217 2252 2361 2306 cele·
2414 2301 2416 2303 .

1166 2356 1542 2411 berrimorum
1588 2356 1911 2411 testimonio
1948 2356 2362 2411 commendata.
2424 2380 2427 2389 ·

1165 2460 1328 2515 Valet
1359 2461 1416 2515 in
1447 2461 1642 2536 primis
1671 2460 1922 2516 adversus
1968 2461 2234 2515 morbum
2267 2480 2363 2515 co-

2391 769 2397 777 '
2459 784 2582 843 pro

2428 872 2513 926 ·in
2553 887 2580 920 e

2407 1623 2415 1632 '¹
2489 1604 2607 1677 cuju

2449 447 2560 506 miti

2449 573 2545 631 qua

2456 679 2552 717 ann

2467 991 2588 1029 con·

2469 1079 2530 1134 ad
2558 1074 2592 1129 s.

2472 1181 2567 1258 tigi

2478 1306 2598 1362 exp

2553 1390 2601 1445 A

2489 1493 2584 1551 tiffi

2494 1720 2605 1763 mut

2496 1813 2600 1867 fere

2500 1936 2609 1972 rem

2457 2093 2458 2096 Ἴ
2503 2022 2612 2096 exig

2507 2143 2612 2183 tan(

2422 2225 2437 2269 '⁴'
2511 2230 2612 2284 ind«

2514 2341 2612 2390 cra!

2520 2460 2612 2495 ssaC
