2668 3528
1193 343 1282 425 46

1195 494 1397 571 agendi
1427 494 1763 571 plerumque
1787 495 2001 551 ducunt
2030 494 2059 551 ὲ
2089 494 2317 551 somniis
2345 510 2405 552 ut

1197 600 1232 654 fi
1253 620 1422 675 quem
1443 600 1924 667 interficiendum,
1949 600 2202 677 exempli
2228 600 2404 668 causa,

1197 705 1614 773 somniaverint,
1646 725 1760 760 non
1797 705 2194 781 conquiescant
2225 705 2404 761 donec

1199 809 1494 865 hominem
1523 810 1730 865 infidiis
1745 823 2047 886 exceptum
2063 809 2402 865 necaverint.

1201 916 1362 990 Piget
1406 913 1618 969 fabulas
1669 912 1892 981 referre,
1940 933 2072 988 quas
2103 913 2172 968 de
2202 913 2404 968 mundi

1200 1018 1426 1095 opificio
1492 1018 2018 1074 comminiscuntur.
2129 1018 2241 1073 His
2292 1019 2403 1073 irn-

1199 1123 1356 1200 plent
1412 1122 1609 1178 otiosas
1660 1125 1715 1179 ὅε
1771 1123 1957 1178 avidas
2011 1122 2191 1198 plebis
2249 1142 2405 1177 aures

1201 1228 1422 1296 harioli,
1493 1230 1547 1283 &
1622 1227 1982 1283 circulatores
2066 1227 2405 1303 nequiffimi,

1203 1334 1493 1410 impietate
1536 1333 1853 1410 quaestuosa.
1943 1334 2238 1389 Malorum
2274 1352 2404 1387 auc-

1203 1452 1384 1494 torem
1443 1439 1676 1514 genium
1735 1437 1919 1493 nescio
1976 1457 2148 1514 quem
2206 1451 2407 1493 vocant

1203 1540 1490 1609 Manitou,
1526 1562 1587 1597 ac
1638 1540 2127 1597 vehementiffime
2162 1539 2404 1618 perhor-

1203 1650 1435 1706 rescunt.
1511 1649 1753 1705 Hostem
1769 1649 1963 1725 procul
1989 1649 2164 1705 dubio
2183 1649 2405 1725 generis

1205 1753 1459 1821 humani,
1541 1754 1637 1829 qui
1706 1751 1734 1807 ὲ
1821 1753 2108 1808 nonnullis
2193 1753 2409 1808 divinos

1205 1858 1447 1913 honores
1494 1861 1548 1914 δι
1587 1857 1853 1912 sacrificia
1908 1857 2163 1933 quaedam
2216 1870 2406 1912 extor-

1202 1979 1353 2042 quet.
1439 1966 1604 2019 Circa
1635 1978 1892 2020 naturam
1936 1965 2256 2019 animarum
2296 1984 2408 2019 non

1207 2073 1382 2127 levius
1457 2072 1713 2126 delirant.
1800 2071 2108 2125 Simulacra
2191 2069 2411 2145 fingunt

1206 2194 1490 2251 corporea,
1562 2175 1676 2229 cibi
1732 2177 1786 2230 δε
1853 2175 2099 2251 potionis
2173 2175 2411 2250 egentia.

1211 2282 1568 2337 Destinatum
1602 2282 1897 2336 animabus
1920 2282 2102 2336 versus
2147 2281 2412 2336 occiden-

1207 2400 1324 2441 tem
1368 2386 1561 2453 solem,
1607 2406 1817 2462 pagum
1863 2387 2117 2454 credunt,
2154 2386 2211 2441 in
2243 2405 2413 2462 quem

1209 2490 1361 2545 obita
1393 2505 1578 2546 morte
1609 2491 1660 2546 se
1697 2492 1970 2567 recipiant
2003 2514 2015 2547 :
2064 2494 2118 2548 ὃς
2150 2491 2248 2546 ubi
2278 2511 2413 2567 epu-

2581 481 2658 548 lis,

2581 587 2668 642 Ha

2578 800 2668 854 bus

2578 904 2668 958 aud

2575 1025 2668 1082 pue

2575 1111 2665 1165 abr

2573 1215 2665 1290 ign

2574 1332 2668 1374 tun

2573 1438 2668 1480 tarr

2572 1532 2668 1608 ine]

2571 1656 2668 1692 me]

2570 1758 2641 1797 taS

2565 2269 2656 2344 ing

2563 2371 2656 2428 fer

2564 2478 2654 2553 ips
