2659 3528
0 486 146 558 edire,
176 512 269 568 ge-

0 608 267 656 natorum

330 2417 339 2449 '⁸⁴¹¹
327 2142 349 2398 mmfflnayxaeffls

1523 328 1555 392 3
1580 329 1599 369 1

418 475 565 557 pauci
594 470 623 527 ὲ
671 468 929 527 Patribus
979 463 1270 520 Societatis
1308 460 1603 537 pertulere.

422 581 576 637 Hanc
606 594 776 652 porro
807 569 1110 628 extrahunt
1134 568 1191 622 in
1218 566 1426 621 multos
1457 565 1569 619 dies
1595 587 1608 630 ;

422 699 578 760 utque
603 679 759 735 novis
802 673 1141 732 cruciatibus
1172 670 1339 726 tristis
1382 668 1611 724 victima

420 790 672 865 suppetat,
746 780 1133 838 intermittunt
1202 774 1426 831 eosdem
1509 772 1611 827 ali-

421 892 670 972 quandiu,
702 890 884 944 donec
916 886 984 940 ad
1002 897 1326 940 extremum
1358 878 1611 935 fatiscant

424 1015 661 1074 corpora,
682 997 738 1050 Sc
758 990 1078 1047 concidant.
1125 988 1293 1041 Tunc
1323 981 1352 1039 ὲ
1384 986 1610 1060 pectore

426 1124 508 1159 cor
531 1099 799 1164 avellunt,
815 1107 1031 1151 torrent
1050 1090 1307 1165 subjectis
1322 1087 1541 1164 prunis;
1563 1088 1616 1141 ὅς

427 1227 609 1265 cruore
627 1202 924 1261 conditum
931 1198 1230 1275 juvenibus
1246 1192 1402 1249 avide
1419 1211 1614 1247 come-

428 1314 661 1370 dendum
705 1310 1000 1384 objiciunt,
1045 1305 1082 1360 fi
1115 1302 1364 1379 captivus
1406 1298 1615 1375 suppli-

429 1420 635 1475 ciorum
692 1413 1061 1469 acerbitatem
1113 1403 1383 1483 generose
1452 1400 1619 1457 fuerit

429 1521 689 1602 perpessus
711 1544 723 1577 :
759 1533 819 1574 ut
838 1518 944 1573 viri
968 1515 1145 1580 fortiS,
1171 1511 1458 1586 inquiunt,
1481 1505 1622 1562 mas-

431 1631 609 1685 culum
653 1626 823 1682 robur
850 1625 1115 1699 juventus
1156 1615 1417 1672 bellatrix
1462 1631 1623 1667 com-

430 1734 588 1788 bibat.
673 1729 960 1786 Laudatur
989 1724 1088 1800 qui
1131 1739 1355 1796 rogum,
1400 1716 1625 1781 cultros,

432 1838 666 1903 vulnera,
725 1835 992 1888 irretorto
1034 1827 1191 1884 vultu
1238 1821 1529 1899 aspexerit,
1573 1822 1628 1875 ὅτ,

432 1939 739 2016 exceperit:
807 1935 905 2011 qui
952 1953 1062 1988 non
1122 1926 1486 2005 ingemuerit,
1531 1924 1628 1998 qui

434 2047 528 2102 risu
552 2058 834 2118 cantuque
857 2037 1165 2096 tortoribus
1189 2031 1422 2089 illuserit
1449 2052 1460 2085 :
1497 2048 1628 2083 nam

435 2170 622 2206 canere
666 2162 750 2204 tot
800 2148 947 2201 inter
992 2154 1218 2206 mortes,
1263 2136 1523 2211 amplum
1567 2151 1629 2185 ac

436 2254 797 2331 magnificum
822 2249 927 2305 effe
958 2257 1174 2324 putant.
1262 2242 1463 2315 Itaque
1495 2255 1629 2291 can-

435 2362 621 2417 tilenas
671 2357 770 2434 ips1
828 2354 1011 2410 multo
1069 2362 1198 2404 ante
1256 2352 1630 2419 componunt,

435 2488 558 2542 quas
628 2464 797 2541 capti,
856 2463 893 2517 fi
962 2459 1070 2514 sors
1142 2454 1302 2519 ferat,
1375 2448 1627 2504 recitent.
