2644 3592
1187 353 1268 413 14

1179 485 1434 538 carecta:
1508 481 1750 537 rostrum
1808 493 2020 535 exertat
2089 480 2263 556 aquiS,
2322 500 2381 536 ac

1177 585 1451 663 paulisper
1471 586 1701 642 diducit.
1784 586 1871 640 Sic
1890 584 2093 661 perstat
2113 585 2380 641 immotus
2453 614 2456 619 ·

1179 683 1358 737 donec
1409 682 1675 736 accedant
1726 681 1995 747 volucreS‚
2046 682 2100 736 &
2151 679 2382 735 incautae

1177 787 1353 842 rostro
1403 787 1690 854 insideant,
1741 786 2073 841 arundinem
2120 798 2213 841 aut
2269 786 2380 840 vir-

1177 892 1400 966 gultum
1449 904 1607 947 ratae:
1656 891 1927 946 continuo
1967 890 2207 967 perfidus
2252 891 2380 946 infi-

1177 996 1374 1063 diator,
1396 995 1736 1050 misellarum
1759 996 1924 1072 pedes
1954 999 2238 1052 contracto
2269 996 2380 1051 ros-

1179 1113 1265 1155 tro
1314 1100 1551 1176 stringit,
1583 1103 1638 1156 &
1686 1101 1743 1155 in
1775 1101 2062 1176 gurgitem
2113 1100 2382 1157 demersas

1175 1217 1347 1259 vorat.

1254 1311 1392 1367 Non
1460 1311 1649 1366 minor
1703 1310 2001 1365 volucrum
2060 1311 2137 1366 est
2202 1313 2381 1389 copia,

1176 1413 1343 1491 quam
1393 1416 1646 1493 piscium.
1733 1417 1915 1471 Certis
1960 1417 2238 1473 menfibus
2282 1438 2381 1494 pa-

1178 1527 1396 1582 lumbes
1443 1524 1471 1581 ὲ
1507 1526 1646 1581 filvis
1692 1540 2070 1603 prorumpunt
2119 1527 2176 1581 in
2224 1547 2383 1602 agros
2444 1562 2449 1588 ,-

1177 1645 1333 1686 tanto
1365 1650 1621 1698 numero,
1648 1644 1706 1685 ut
1736 1630 1999 1684 arborum
2031 1649 2213 1685 ramos
2242 1651 2381 1707 prae-
2445 1630 2451 1658 ³

1177 1750 1436 1811 gravent3
1482 1735 1681 1811 quibus
1726 1734 2021 1811 postquam
2067 1734 2383 1791 insederunt
2449 1745 2464 1769 ³²
2507 1763 2509 1765 >

1176 1846 1363 1908 noctu,
1422 1840 1586 1896 facile
1643 1841 1955 1917 capiuntur,
2015 1843 2068 1896 δι
2130 1840 2384 1896 barbaras
2454 1852 2456 1857 ’

1176 1945 1389 2000 mensas
1407 1945 1580 2020 regali
1600 1944 1815 2000 ferculo
1840 1944 2149 2000 cumulant.
2236 1946 2380 2000 Prae-

1175 2063 1323 2105 terea
1345 2050 1402 2104 in
1433 2049 1730 2105 vastiffimo
1755 2049 1891 2116 finu,
1922 2049 1977 2104 in
2009 2069 2180 2124 quem
2210 2050 2383 2104 volvit
2462 2040 2478 2059 ³

1174 2156 1224 2210 se
1278 2155 1491 2210 flumen
1547 2155 1714 2210 sancti
1772 2154 2078 2221 Laurentii,
2138 2156 2385 2211 cernitur
2468 2195 2471 2197 —

1174 2261 1375 2335 exigua
1421 2259 1610 2328 insula,
1660 2260 1749 2315 seu
1800 2261 1983 2336 potius
2031 2259 2220 2337 biceps
2264 2261 2383 2316 sco-

1171 2370 1360 2445 pulus:
1403 2368 1636 2424 insulam
1660 2369 1954 2424 volucrum
1974 2369 2185 2426 dicunt.
2269 2372 2387 2427 Tot

1173 2475 1324 2528 enim
1379 2473 1444 2528 εὸ
1476 2475 1775 2529 convolant
1805 2475 1834 2529 ὲ
1866 2474 2114 2530 finitimo
2165 2477 2386 2553 pelagO,

2579 1970 2644 2011 ΠΒ
