2604 3544
1109 307 1150 371 6

1115 458 1300 525 Alter,
1333 459 1427 514 cui
1461 476 1671 513 nomen
1704 457 2022 534 Miffifipus,
2047 478 2147 536 per
2172 459 2327 528 vasta,

1114 566 1168 620 δε
1200 564 1396 639 ignota
1429 583 1696 640 magnam
1731 561 1916 619 adhuc
1947 577 2187 639 partem,
2219 577 2327 619 ter-

1116 686 1305 723 rarum
1340 667 1511 743 spatia
1546 665 1722 723 fertur
1766 664 1796 722 ἒι
1837 668 2230 744 Septentrione
2276 669 2328 724 in

1119 771 1454 826 Meridiem.
1539 770 1775 826 Habent
1795 768 1904 826 hoc
1929 771 2206 847 fingulare
2224 770 2329 827 hu-

1107 878 1197 952 jus
1228 877 1474 952 regionis
1503 875 1676 943 fluvii,
1708 878 1862 952 quod
1902 878 2066 933 certis
2101 878 2160 932 in
2196 877 2330 933 locis
2364 919 2399 934 „

1121 1002 1190 1036 ex
1223 980 1462 1035 editiore
1491 980 1607 1035 solo
1638 982 1990 1058 praecipitant
2035 983 2093 1037 in
2137 979 2330 1037 humi-

1120 1085 1323 1140 liorem
1355 1084 1651 1161 planitiem
1685 1085 1902 1160 ingenti
1923 1104 2055 1139 cum
2082 1085 2330 1162 strepitu.

1121 1191 1202 1244 Ea
1222 1188 1344 1243 loca
1364 1187 1742 1243 saltusvocant
1763 1188 1984 1244 Franci.
2043 1190 2332 1266 Catadupa
2371 1214 2383 1259 j

1124 1300 1273 1352 redte
1304 1296 1526 1364 dixeriS,
1558 1297 1745 1372 qualia
1776 1296 1833 1351 in
1867 1295 2011 1352 Nilo
2039 1296 2330 1352 celebran-
2372 1306 2379 1315 '

1127 1418 1235 1459 tur.
1320 1404 1488 1478 Aqua
1532 1416 1649 1458 tota
1691 1402 1961 1469 fluminis,
2007 1403 2063 1457 in
2111 1422 2332 1458 morem

1126 1508 1339 1562 arcuati
1364 1506 1616 1573 forniciS,
1642 1507 1715 1562 ita
1746 1506 1881 1583 saepe
1901 1506 2070 1573 cadit,
2099 1520 2160 1562 ut
2192 1505 2333 1562 infra
2386 1528 2389 1533 ·

1128 1610 1448 1687 suspensum
1486 1609 1592 1666 alt&
1637 1631 1866 1665 amnem
1910 1610 2054 1665 ficco
2100 1610 2332 1686 vestigio

1129 1836 1253 1877 tum
1299 1821 1392 1888 est,
1438 1821 1551 1876 suas
1607 1820 1904 1888 naviculas,
1948 1818 1978 1873 ὲ
2021 1820 2129 1875 levi
2174 1840 2334 1875 com-
2383 1810 2401 1870 2'

1132 1930 1319 2003 paffitas
1389 1927 1620 1993 cortice,
1690 1927 1999 2002 imponunt
2066 1925 2333 1993 humeriS,

1134 2033 1188 2087 &
1220 2031 1279 2085 in
1310 2030 1592 2106 placidam
1625 2029 1890 2098 fluminis,
1921 2031 2078 2086 alveo
2114 2032 2333 2108 depres-
2387 2053 2389 2057 ·

1135 2137 1275 2191 fiore
1316 2134 1555 2202 fluentiS,
1614 2151 1829 2211 partem
1883 2156 1970 2191 eas
2021 2138 2334 2213 deportant,

1136 2261 1272 2297 cum
1304 2241 1605 2297 sarcinulis,
1692 2240 1844 2296 Urbs
1874 2242 2053 2297 Novae
2087 2243 2336 2297 Franciae
2396 2236 2448 2277 '⁸-

1136 2348 1401 2424 primaria
1474 2347 1768 2402 Kebecum
1842 2362 2215 2424 nuncupatur,
2288 2350 2335 2403 S.

1138 2455 1431 2509 Laurentii
1456 2452 1625 2508 fluvio
1650 2454 1923 2530 imposita.
2014 2454 2177 2509 Coelo
2197 2454 2335 2509 salu·

1130 1715 1355 1771 tranfire
1376 1716 1559 1771 liceat.
1648 1715 1898 1782 Barbari,
1921 1735 2053 1770 cum
2069 1714 2184 1770 huc
2200 1736 2332 1771 ven·

2444 458 2523 516 bri
2548 469 2567 511 t

2446 671 2578 726 tini‘

2450 778 2546 833 tini

2455 898 2566 955 qua}

2458 981 2578 1039 deni

2460 1103 2560 1143 tres

2464 1192 2528 1247 ad

2470 1316 2529 1350 aC

2471 1412 2594 1456 COsst

2477 1507 2564 1562 niu

2480 1717 2601 1770 locu

2485 1828 2604 1885 Qua

2487 1948 2604 1983 non]

2488 2033 2599 2087 alce

2492 2138 2604 2214 pell:

2493 2261 2604 2316 cor}

2395 2360 2404 2378 ³
2431 2416 2434 2418 -
2496 2348 2604 2401 nitu

2500 2470 2604 2505 VUH
