2644 3560
1173 320 1247 383 18

1256 470 1413 525 Duos
1473 470 1724 525 maxime
1786 467 1966 523 fontes
2033 467 2361 523 morborum

1164 574 1444 629 statuunt:
1520 593 1696 629 unum
1756 593 1822 628 ex
1881 572 1989 647 ipsa
2054 573 2363 647 aegrotantis

1165 693 1354 734 mente
1382 693 1589 746 ortum,
1619 700 1741 755 quae
1763 678 2029 733 defideret
2058 677 2363 753 quidpiam,

1163 803 1224 838 ac
1271 783 1461 839 tandiu
1492 803 1690 859 corpus
1739 802 1949 858 aegrum
1999 795 2180 850 vexet,
2233 782 2363 837 dum

1163 908 1220 942 re
1270 888 1568 944 defiderata
1617 888 1879 964 potiatur.
1967 888 2169 943 Putant
2214 887 2364 941 enim

1162 991 1333 1047 ineffe
1363 993 1420 1046 in
1451 990 1755 1047 hominum
1789 1011 2131 1067 unoquoque
2179 992 2365 1046 innata

1161 1099 1413 1174 quaedam
1465 1098 1746 1166 defideria,
1802 1097 1937 1174 saepe
1992 1098 2116 1174 ipfis
2155 1098 2363 1173 ignota,

1161 1203 1362 1278 quibus
1376 1202 1721 1277 fingulorum
1741 1200 1977 1257 felicitas
1997 1202 2362 1258 contineatur.

1162 1307 1252 1362 Ad
1285 1306 1554 1381 ejusmodi
1574 1307 1837 1361 defideria
1868 1309 1923 1362 δε
1955 1307 2166 1361 innatas
2196 1325 2363 1382 appe-

1162 1413 1384 1468 titiones
1399 1412 1804 1488 cognoscendas
1819 1412 2091 1468 adhibent
2106 1412 2365 1480 hariolos,

1161 1518 1359 1592 quibus
1415 1516 1559 1572 hanc
1606 1518 1869 1573 divinitus
1927 1517 2237 1573 concessam
2286 1517 2364 1572 fa-

1161 1621 1428 1676 cultatem
1454 1621 1808 1689 arbitrantur,
1841 1637 1900 1678 ut
1931 1624 2253 1678 animorum
2285 1624 2366 1678 in-

1161 1726 1328 1779 timos
1359 1723 1595 1779 receffus
1612 1725 1955 1801 pervideant.
2040 1726 2153 1793 Illi,
2184 1728 2364 1802 quod·
2445 1720 2450 1755 ²

1162 1851 1407 1906 cumque
1449 1832 1700 1907 primum
1734 1833 1997 1900 occurrit,
2028 1847 2123 1888 aut
2153 1854 2220 1889 ex
2257 1854 2367 1909 quo

1158 1936 1279 1991 fieri
1297 1936 1563 2011 quaestum
1581 1938 1826 2013 aliquem
1847 1937 1996 2014 poffe
2008 1938 2365 2015 suspicantur,

1160 2041 1228 2095 ab
1273 2061 1418 2116 aegro
1449 2041 1738 2096 desiderari
1768 2044 2156 2118 pronunciant.
2242 2044 2368 2099 Nec
2457 2056 2463 2113 j

1162 2145 1419 2200 dubitant
1442 2160 1708 2220 parente8‚
1740 2147 1927 2214 amici,
1959 2150 2012 2203 δε
2036 2147 2367 2223 consangui-

1162 2251 1252 2305 nei
1271 2252 1602 2326 aegrotanti8‚
1622 2253 1897 2327 quidquid
1929 2252 2070 2308 illud
2088 2253 2170 2320 fit,
2190 2273 2368 2329 quan-

1161 2356 1285 2410 tivis
1315 2356 1495 2431 pretii,
1527 2376 1852 2433 comparare
1880 2377 1944 2413 ac
1984 2358 2175 2434 largiri
2204 2378 2368 2435 aegrO,

1159 2480 1447 2536 nunquam
1506 2461 1690 2537 postea
1749 2462 2171 2538 reposcendum.
2266 2463 2370 2518 Ille

2549 1639 2630 1675 [Ila

2552 1726 2644 1780 nis,

2464 1855 2466 1858 ·
2552 1831 2644 1885 ben

2558 1952 2644 2010 pas

2465 2143 2475 2211 ᾗ
2564 2157 2644 2196 ten

2482 2241 2491 2260 ¹.
2568 2265 2644 2300 COI

2478 2395 2486 2426 ,3
2572 2350 2644 2403 rid

2575 2475 2644 2509 cal
