2660 3544
1199 356 1282 419 24

1197 507 1394 546 eorum
1449 491 1714 545 cadavera
1769 490 2081 546 laniantur:
2139 489 2388 546 carnium

1196 613 1318 669 pars
1335 614 1466 651 cum
1483 596 1776 653 visceribus
1796 598 1854 653 in
1870 598 2064 673 ignem
2085 596 2389 673 projicitur.

1199 698 1265 753 Id
1310 698 1561 755 sacrificii
1601 701 1889 777 quoddam
1925 719 2099 776 genus
2138 699 2233 767 est,
2284 719 2391 775 quo

1197 803 1415 879 placare
1465 804 1673 859 coelum
1722 804 2090 860 contendunt.
2174 803 2390 859 Iratum

1198 910 1351 964 enirn
1383 909 1493 965 effe
1523 911 1678 986 genti
1711 931 1823 966 non
1856 910 2132 976 dubitant,
2173 929 2306 964 curn
2337 911 2391 965 in

1198 1014 1358 1068 undis
1378 1014 1651 1090 quispiam
1678 1015 2062 1091 extinguitur:
2109 1015 2226 1071 acfi
2259 1016 2392 1091 quid

1196 1118 1300 1173 rite
1356 1132 1521 1194 atque
1577 1119 1774 1175 ordine
1825 1121 2111 1195 peractum
2168 1119 2226 1173 in
2284 1118 2392 1174 istis

1197 1221 1483 1279 funeribus
1507 1244 1616 1279 non
1639 1223 1826 1292 fuerit,
1854 1223 1987 1279 huic
2006 1225 2229 1300 piaculo
2248 1225 2391 1279 cala-

1198 1328 1417 1383 mitates
1474 1349 1688 1396 omneS,
1748 1329 1950 1405 quibus
2006 1329 2196 1405 postea
2254 1348 2390 1384 con—

1198 1431 1493 1500 flictantur,
1524 1447 1777 1510 acceptas
1800 1432 2005 1490 ferunt.
2091 1433 2394 1510 Indulgent

1198 1537 1372 1593 luctui
1411 1557 1507 1613 per
1548 1557 1758 1593 annum
1799 1538 2105 1612 integrum.
2190 1536 2395 1591 Primis
2465 1540 2467 1543 ’
2532 1539 2535 1542 ⁴

1199 1640 1390 1696 diebus
1420 1641 1614 1696 decem
1636 1642 1827 1715 jacent
1856 1639 2038 1708 humi,
2070 1640 2164 1695 diu
2194 1644 2391 1696 noctu-

1198 1766 1305 1821 que
1361 1746 1419 1800 in
1475 1760 1728 1801 ventrem
1788 1746 1952 1821 proni
1976 1767 1987 1800 :
2056 1743 2205 1799 nefas
2261 1758 2393 1799 tunc

1196 1872 1395 1907 vocem
1427 1853 1619 1919 ullam,
1651 1853 1749 1907 nifi
1780 1872 1898 1927 quae
1939 1852 2193 1907 dolorem
2224 1850 2391 1926 figni-

1198 1958 1344 2025 ficet‚
1370 1960 1595 2013 mittere
1619 1982 1631 2025 ;
1676 1973 1771 2014 aut
1794 1958 2055 2014 accedere
2085 1958 2152 2013 ad
2181 1958 2393 2033 ignem,

1198 2079 1289 2121 aut
1319 2066 1587 2120 conviviis
1616 2065 1882 2122 intereffe.
1968 2066 2138 2120 Anno
2178 2065 2394 2140 reliquo

1199 2169 1374 2224 luctus
1420 2171 1794 2237 continuatur,
1840 2184 1894 2226 at
1924 2170 2113 2226 levius,
2198 2171 2392 2225 Omit-

1200 2288 1392 2329 tuntur
1421 2275 1612 2330 omnia
1634 2276 1960 2331 urbanitatis
1989 2275 2189 2342 officia,
2214 2276 2392 2331 collo—

1198 2381 1327 2455 quia
1342 2400 1472 2435 cum
1488 2381 1699 2448 vicinis,
1717 2379 2031 2457 congreffus
2049 2381 2392 2445 amicorum3

1198 2504 1261 2539 ac
1280 2485 1315 2539 fi
1330 2485 1632 2560 conjugem
1647 2485 1953 2552 amiserint;
1978 2485 2201 2541 coelibes
2217 2486 2395 2541 donec
