2667 3528
0 478 125 535 miis
153 491 213 532 ut

0 585 12 639 ἰ
39 581 214 648 causa,

0 688 216 745 :donec

0 791 217 849 iverint.

18 894 220 951 mundi

0 1002 59 1057 [is
110 1001 221 1055 im-

0 1126 11 1161 3
68 1123 225 1160 aures

4 1209 227 1276 uiflimi,

3 1337 62 1372 m
97 1333 228 1370 auc-

31 1431 232 1477 vocant

0 1522 231 1602 perhor-

13 1630 235 1709 generis

25 1735 241 1792 divinos

49 1852 240 1896 extor-

0 1967 91 2003 um
131 1965 244 2001 non

28 2053 249 2128 fingunt

12 2157 250 2234 egentia.

0 2264 253 2320 >cciden-

0 2371 55 2425 in
86 2386 256 2445 quem

0 2475 93 2530 ubi
123 2493 258 2549 epu-

1498 312 1583 375 47

389 458 466 524 lis,
509 453 817 519 venationi,
862 454 916 508 ὅε
961 448 1181 505 choreis
1238 446 1589 522 indulgeant.

391 564 524 619 Haec
556 559 708 615 enim
740 557 887 634 apud
919 555 1046 610 illos
1081 553 1317 608 summa.

466 669 619 723 Cum
643 665 899 742 primum
948 662 1017 717 de
1047 657 1397 735 sempiternis
1438 655 1590 731 igni-

391 777 505 841 buS,
579 775 633 828 &
704 769 980 825 incendiis
1051 765 1240 821 sceleri
1312 761 1595 818 destinatis

394 878 701 943 audierunt,
759 875 1013 929 immane
1059 881 1335 946 quantum
1400 863 1593 920 obstu-

671 978 844 1034 fidem

394 1085 750 1161 abrogabant,
816 1080 968 1158 qubd
1039 1080 1291 1135 dicerent
1362 1075 1441 1130 ibi
1495 1072 1598 1129 effe

943 989 1135 1031 tamen
1231 969 1595 1047 pertinaciter

393 999 597 1059 puere:

395 1192 584 1267 ignem
628 1208 743 1244 non
788 1185 954 1263 pofl‘e,
986 1184 1083 1240 ubi
1127 1180 1271 1238 nihil
1316 1179 1459 1254 ligni
1503 1177 1594 1233 fit:

397 1310 534 1362 tum,
593 1311 848 1369 quaenam
907 1290 1048 1346 filvae
1099 1287 1244 1343 alere
1289 1298 1372 1340 tot
1424 1285 1598 1359 ignes,

398 1416 509 1457 tam
567 1399 878 1464 diuturnOS,
937 1392 1185 1472 poffent?
1272 1390 1412 1445 Haec
1457 1388 1600 1443 ratio

399 1505 731 1584 ineptiflima
762 1516 977 1559 tantam
1022 1500 1140 1554 vim
1170 1496 1319 1573 apud
1348 1495 1603 1550 barbaras

401 1625 609 1668 mentes
639 1608 899 1674 habebat,
932 1618 994 1661 ut
1017 1604 1083 1659 iis
1106 1599 1422 1679 persuaderi
1453 1597 1600 1654 veri-

1286 1705 1520 1781 Quippe
1544 1702 1600 1757 in

401 1822 631 1878 homine
661 1817 890 1885 carnali,
921 1829 982 1871 ut
1026 1814 1103 1869 ait
1131 1810 1160 1867 ὲ
1191 1812 1278 1867 SS.
1314 1809 1422 1865 ΡΡ.
1457 1827 1601 1863 non-

401 1735 472 1774 tas
502 1715 825 1792 evangelica
854 1731 968 1768 non
1006 1706 1196 1786 poffet.

402 1946 585 1994 nem0,
616 1939 733 1980 tota
763 1923 904 1978 ratio
948 1915 1308 1994 intelligendi
1353 1913 1430 1969 est
1462 1931 1602 1968 con-

402 2030 626 2088 suetudo
645 2026 932 2085 cernendi.
997 2019 1361 2099 Expugnavit
1386 2016 1603 2073 nihilo—

406 2139 583 2194 minus
644 2134 1017 2213 pertinaciam
1068 2127 1314 2184 sacerdos
1364 2143 1490 2179 acer
1554 2123 1607 2177 &

406 2242 731 2320 ingeniosus,
819 2240 1086 2295 Fidenter
1152 2231 1451 2289 affirmavit
1517 2228 1605 2282 in—

406 2348 649 2404 ferorum
692 2361 901 2403 terram
944 2344 1092 2398 vices
1142 2339 1300 2395 obire
1344 2335 1507 2412 ligni,
1553 2334 1607 2388 δε

408 2454 575 2530 ipsam
616 2453 809 2508 ardere
841 2469 937 2526 per
968 2446 1091 2503 sese.
1179 2442 1313 2499 Risu
1363 2439 1609 2496 barbarae
