2652 3560
1204 336 1287 379 20

1202 466 1464 522 sudando,
1554 468 1792 522 Certum
1839 463 1968 520 casae
1998 464 2191 519 locum
2244 467 2404 521 corti-

1201 574 1356 629 cibus
1389 574 1704 641 includunt,
1738 593 1801 627 ac
1830 587 2027 649 tegunt
2058 573 2318 650 pellibuS,
2351 544 2405 633 ne

1200 699 1307 754 qua
1324 678 1483 756 poffit
1497 699 1590 734 aer
1609 679 1857 756 aspirare.
1926 680 2084 734 Intro
2101 698 2404 755 congerunt

1201 783 1410 860 lapides
1456 784 1674 840 deustos
1707 786 1762 840 &
1794 785 1924 860 igne
1956 785 2140 840 multo
2190 785 2402 845 saturos.

1200 889 1447 944 Subeunt
1505 889 1642 944 nudi
1699 892 1755 946 ὅτ,
1806 887 2033 945 brachia
2084 890 2406 947 cantitantes

1189 995 1418 1068 jactant.
1529 995 1651 1061 Sed,
1709 996 1861 1070 quod
1921 995 2154 1061 mireriS,
2204 996 2272 1051 ab
2334 994 2406 1052 his

1198 1097 1433 1154 thermis
1473 1099 1664 1176 egreffi
1723 1103 1778 1156 &
1834 1099 2030 1155 sudore
2081 1097 2405 1190 diffluentes,

1199 1201 1406 1278 hyeme
1425 1203 1745 1280 perfrigida,
1787 1204 1840 1259 in
1862 1205 2047 1259 lacum
2069 1217 2165 1259 aut
2187 1223 2405 1260 amnem

1197 1306 1248 1362 se
1279 1309 1611 1382 conjiciunt,
1643 1309 1710 1364 de
1730 1308 2031 1384 pleuritide
2061 1309 2255 1365 securi.

1282 1415 1648 1471 Mortuorum
1700 1416 1964 1472 cadavera
1995 1436 2290 1492 nunquam
2333 1416 2404 1471 ef-

1200 1519 1385 1577 ferunt
1435 1542 1531 1598 per
1562 1520 1687 1577 calae
1735 1522 1991 1596 januam,
2021 1521 2112 1577 sed
2143 1541 2240 1597 per
2291 1541 2406 1576 eam

1197 1642 1434 1703 partem,
1485 1629 1540 1684 in
1575 1649 1744 1704 quam
1794 1628 2079 1685 conversus
2123 1649 2265 1703 aeger
2317 1649 2406 1683 ex-

1198 1732 1435 1808 spiravit.
1519 1734 1794 1789 Animam
1826 1748 2022 1810 putant
2052 1733 2270 1789 evolare
2319 1752 2408 1809 per
2461 1723 2468 1759 3

1197 1838 1408 1892 camini
1427 1837 1763 1913 spiraculum
1788 1860 1800 1902 ;
1838 1857 1899 1892 ac
1921 1857 1989 1891 ne
2010 1855 2191 1891 moras
2211 1833 2405 1902 trahat,

1198 1940 1323 1995 casae
1343 1941 1583 2017 pristinae
1606 1941 1891 2007 defideriO,
1916 1961 2022 1995 neu
2042 1941 2405 2016 puerulorum
2464 2010 2468 2021 ἦ

1197 2044 1445 2120 aliquem
1497 2045 1780 2101 discedens
1829 2044 1998 2112 afflet,
2057 2043 2171 2099 hoc
2220 2042 2407 2099 afflatu

1195 2150 1456 2205 videlicet
1478 2151 1839 2216 moriturum,
1859 2165 1918 2204 ut
1937 2162 2137 2226 putant
2158 2172 2171 2216 ;
2214 2149 2405 2204 crebro

1195 2253 1336 2310 fuste
1382 2257 1626 2310 tundunt
1656 2255 1889 2330 parietes
1913 2256 2144 2331 tugurii,
2178 2269 2236 2310 ut
2283 2275 2403 2310 eam
2477 2308 2486 2313 „

1195 2358 1357 2413 citius
1377 2360 1530 2413 exire
1560 2359 1922 2435 compellant.
2011 2359 2403 2414 Immortalem
2470 2372 2480 2382 ²

1193 2461 1303 2516 effe
1332 2463 1686 2518 arbitrantur.
1773 2463 1866 2519 Ne
1895 2483 2061 2539 porro
2103 2465 2406 2519 emoriatur
2479 2465 2485 2534 j

2561 1315 2632 1369 dis

2575 1944 2652 2020 giu

2578 2067 2652 2103 em

2581 2150 2652 2207 inf

2588 2376 2652 2417 ml

2589 2488 2647 2522 CO
