2652 3560
1181 341 1259 386 22

1183 473 1345 528 Unus
1364 472 1581 548 aliquiS,
1612 473 1647 528 fi
1680 473 1890 528 mortui
1923 472 2177 528 conditio
2226 469 2377 540 ferat,

1182 578 1346 633 verba
1396 577 1547 645 facit,
1580 598 1761 654 neque
1803 579 2078 633 rationem
2111 577 2284 632 ullam
2316 597 2377 633 ex

1183 684 1246 738 iis
1302 685 1696 760 praetermittit,
1754 704 1873 760 quae
1932 683 2001 738 ad
2059 682 2377 738 leniendam

1179 789 1571 863 :egritudinem
1602 786 1630 843 a
1649 788 1872 843 dicendi
1904 786 2180 862 magistris
2200 783 2379 840 afferri

1183 892 1374 947 solent.
1462 892 1727 947 Excurrit
1758 892 1888 946 inde
1911 891 2122 946 mortui
2154 889 2372 945 laudes:

1184 995 1483 1052 hominem
1515 1017 1642 1052 eum
1679 1012 1871 1053 natum
1900 995 2063 1052 fuiffe
2093 996 2378 1062 admonet,

1184 1118 1349 1180 atque
1372 1104 1510 1160 adeo
1535 1105 1705 1159 morti
1725 1104 2072 1159 obnoxium:
2119 1102 2217 1177 qui
2238 1100 2380 1156 casus

1186 1209 1477 1265 emendari
1519 1223 1817 1284 nequeant,
1849 1208 1972 1263 fieri
1999 1207 2271 1284 patientia
2301 1206 2378 1261 le-

1185 1314 1399 1379 viores;
1445 1313 1548 1367 alia
1572 1313 1628 1368 id
1658 1332 1830 1389 genus
1878 1314 1934 1367 in
1969 1313 2209 1368 eandem
2261 1311 2378 1366 sen—

1189 1418 1425 1473 tentiam
1484 1416 1739 1473 edifferit.
1823 1417 2025 1472 Tertio
2072 1417 2163 1471 die
2220 1413 2382 1469 funus

1186 1523 1424 1577 ducitur.
1511 1522 1759 1598 Epulum
1801 1519 2039 1576 funebre
2083 1520 2380 1597 apponitur

1186 1627 1291 1681 toti
1342 1646 1506 1702 pagO,
1558 1627 1783 1702 lingulis
1839 1626 1991 1681 suam
2049 1626 2379 1702 symbolam,

1184 1751 1288 1786 nec
1345 1728 1608 1806 maligne,
1665 1730 2097 1786 conferentibus,
2198 1730 2383 1805 Hujus
2470 1735 2477 1748 ’

1186 1835 1337 1911 epuli
1393 1835 1571 1890 causas
1628 1834 1866 1890 afferunt
1922 1832 2173 1889 maxime
2240 1848 2377 1889 tres:

1186 1942 1450 2017 primam,
1520 1955 1579 1996 ut
1646 1961 2018 1996 communem
2089 1961 2380 1997 maerorem

1186 2046 1430 2100 leniant:
1479 2046 1729 2112 alteram,
1757 2060 1814 2101 ut
1845 2047 1940 2121 qui
1963 2047 2134 2101 amici
2152 2045 2381 2123 peregre

1183 2150 1251 2205 ad
1302 2148 1466 2205 funus
1494 2150 1742 2217 veniunt,
1787 2152 2132 2227 accipiantur
2181 2150 2380 2207 hones-

1185 2257 1291 2312 tius
1317 2279 1328 2312 :
1376 2256 1617 2324 tertiam,
1659 2272 1719 2312 ut
1740 2258 2125 2333 gratificentur
2149 2259 2381 2315 extincti

1187 2363 1473 2429 ManibUS,
1494 2382 1663 2437 quem
1685 2383 1746 2417 ea
1769 2363 2104 2418 liberalitate
2123 2364 2383 2420 delectari
2473 2364 2474 2367 ’
2500 2365 2501 2371 ’

1188 2467 1529 2533 existimant,
1561 2470 1614 2523 δε
1645 2469 1905 2544 appofitis
1936 2469 2104 2524 etiam
2154 2469 2384 2546 dapibus
